2913 3606
1184 151 1559 189 ..lv-.-

181 285 240 348 11,
279 291 323 347 1,
362 291 417 332 11
460 296 509 334 et
545 287 600 349 ll,
636 290 686 349 2,
725 288 805 348 10,
835 285 1209 335 ⁴commendant
1252 285 1453 350 reliquis
1492 284 1635 332 locis=
1682 299 1775 333 nec
1823 282 1886 333 ab
1922 284 2027 349 ipsa
2063 288 2304 337 memoria
2336 289 2576 345 librorum

180 368 333 416 fidem
370 369 555 431 habet,
604 385 715 417 cum
768 384 858 433 pro
893 368 976 415 illo
1021 378 1070 416 et
1105 368 1456 419 Ambrosianus
1493 365 1648 414 codex
1692 374 1741 414 et
1766 367 1912 415 Vetus
1955 365 2216 424 Camerarii
2247 371 2576 420 Pinacium

180 451 391 499 formam
428 452 739 513 substituant,
772 468 874 515 quo
911 451 1057 498 etiam
1090 454 1311 517 piacium
1345 449 1669 513 corruptelam
1705 457 1922 513 spectare
1956 462 2173 515 apparet.
2244 452 2434 513 Quodsi
2469 454 2576 502 Pi·-

180 536 429 583 nacium
475 551 660 582 nomen
695 534 785 582 fuit
803 536 962 598 pueri,
996 535 1111 582 satis
1142 533 1260 582 illud
1294 551 1405 581 cum
1442 534 1489 579 in
1525 532 1890 596 grammaticam
1924 540 2031 580 tum
2061 535 2112 581 in
2148 552 2406 600 personam
2442 554 2566 585 con-

181 619 400 679 veniens,
433 633 745 681 consequens
779 626 851 664 est
882 635 985 665 non
1021 634 1123 665 esse
1157 616 1291 664 idem
1323 631 1506 663 nomen
1543 613 1761 662 eiusdem
1805 614 1997 661 fabulae
2043 617 2123 664 alii
2155 634 2389 681 personae
2424 620 2570 684 eique

179 700 553 748 honestissimae
579 701 781 748 mulieri
818 717 844 747 a
878 709 1024 764 poeta
1060 701 1346 763 impositum
1382 699 1524 762 longe
1549 696 1873 761 ineptissime:
1906 713 2191 762 quanquam
2225 700 2278 748 id
2309 711 2364 748 ut
2400 700 2572 749 crede-

180 791 255 828 ret
291 781 493 829 Bothius
527 782 592 829 ab
628 798 679 829 se
714 782 1022 846 impetrabat.
1059 784 1217 844 Atque
1246 781 1344 827 hoc
1371 781 1530 843 ipsum
1567 795 1676 826 cum
1722 795 1784 826 ne
1818 779 1905 826 fiat
1938 780 2140 843 quidem
2176 783 2230 830 in
2251 784 2572 832 Ambrosiano

181 864 341 919 libro,
386 864 473 928 qui
521 863 909 928 Pamphilam
955 861 1087 909 dicat
1129 878 1279 926 quam
1328 861 1504 926 reliqui
1553 861 1900 923 Pinacium,
1944 864 2112 927 ecquis
2163 855 2409 914 dubitabit
2445 866 2574 931 quin

180 955 315 993 recte
350 946 472 994 illud
507 962 690 994 nomen
726 946 975 993 Plautinae
1011 944 1215 1009 quidem
1253 945 1442 992 fabulae
1477 945 1790 992 restituatur?
1875 945 2024 994 Cuius
2074 957 2236 994 autem
2270 948 2382 995 libri
2417 951 2468 996 in
2502 950 2577 995 al-

176 1029 331 1081 terius
365 1030 571 1078 nomine
593 1029 810 1076 mulieris
840 1027 991 1076 fidem
1013 1028 1368 1092 perspeximus,
1399 1026 1682 1073 eiusdemne
1706 1026 1769 1074 de
1802 1027 1985 1074 sor'oris
2004 1029 2207 1077 nomine
2238 1031 2575 1078 testimonium

176 1110 488 1158 reiiciemusP
523 1119 577 1157 ut
610 1111 694 1174 qui
734 1126 834 1157 non
874 1110 1111 1157 Paeonis
1158 1118 1205 1156 et
1243 1110 1491 1169 Pnucwn,
1538 1107 1625 1156 sed
1649 1109 1903 1156 Pmtvnus
1951 1118 1999 1157 et
2037 1110 2258 1158 Puram
2291 1111 2574 1160 nominibus

176 1193 388 1255 primam
422 1192 613 1239 fabulae
647 1207 842 1238 scenam
879 1192 1123 1238 inscribat.
1201 1192 1316 1239 Non
1373 1191 1618 1237 mehercle
1665 1192 1750 1254 qui
1794 1191 1947 1254 sapiat
1994 1190 2239 1240 dubitabit
2283 1195 2402 1258 quin
2448 1194 2572 1240 haec

174 1274 274 1318 sint
304 1289 418 1320 vere
454 1274 674 1320 Plautina
721 1273 957 1333 nomina,
1001 1289 1090 1335 per
1124 1268 1483 1324 διασκευάσεως
1527 1272 1727 1319 demum
1776 1273 2083 1319 occasionem
2132 1276 2339 1338 expulsa.
2423 1276 2572 1323 Cuius

174 1352 539 1409 διασκευάσεως
588 1372 690 1403 non
726 1364 797 1401 est
831 1355 1010 1401 mirum
1062 1354 1305 1418 quaedam
1351 1355 1548 1418 vestigia
1595 1371 1707 1401 cum
1752 1354 1984 1418 pristinae
2035 1355 2345 1420 illibataeque
2385 1356 2572 1403 fabulae

176 1437 418 1484 memoria
453 1453 567 1484 casu
599 1437 833 1501 permista
882 1452 999 1482 esse.
1069 1436 1197 1483 Haec
1232 1437 1363 1483 enim
1392 1452 1547 1482 novae
1582 1438 1881 1484 recensionis
1916 1438 1986 1484 vis
2020 1438 2125 1499 suit,
2158 1448 2228 1499 ut,
2264 1440 2349 1503 qui
2384 1440 2434 1486 in
2466 1455 2571 1486 sce·-

177 1535 273 1566 nae
307 1520 629 1583 inscriptione
661 1519 815 1565 Plauti
852 1535 1052 1565 manum
1089 1527 1326 1579 servaret,
1361 1517 1494 1564 idem
1527 1527 1693 1565 tamen
1727 1519 1851 1566 liber
1903 1520 1954 1566 in
1986 1520 2102 1583 ipsis
2134 1522 2440 1568 sermonibus
2475 1537 2568 1569 no-

172 1602 305 1649 vicio
341 1602 540 1649 invento
576 1602 739 1649 locum
778 1601 917 1649 daret
949 1610 998 1648 et
1031 1601 1317 1669 Panegyris
1349 1600 1627 1649 admitteret
1658 1618 1750 1666 pro
1769 1601 2065 1651 Philumena
2080 1601 2119 1663 I,
2134 1605 2182 1663 3,
2197 1602 2261 1650 92
2299 1611 2347 1649 et
2378 1602 2436 1665 ΙΙ,
2453 1606 2502 1665 2,
2523 1607 2566 1650 7.

181 1683 381 1744 Quibus
411 1685 533 1732 locis
565 1684 767 1731 maioris
801 1684 983 1748 opinor
1016 1683 1247 1731 audaciae
1283 1683 1498 1731 futurum
1529 1685 1590 1731 sit
1634 1685 1923 1732 tralaticium
1959 1701 2143 1732 nomen
2175 1685 2417 1749 patienter
2448 1702 2570 1750 pro-

177 1784 358 1832 pagare
404 1783 554 1832 quam
599 1776 793 1831 praeter
834 1767 988 1814 libros
1035 1766 1341 1814 confidenter
1391 1768 1657 1815 instaurare
1692 1768 1980 1831 pristinum,
2024 1765 2163 1830 quod
2213 1766 2415 1830 quidem
2454 1767 2579 1815 illius

178 1849 525 1914 prosodiacam
566 1865 843 1897 mensuram
888 1850 996 1912 pari
1030 1849 1222 1896 ratione
1269 1859 1447 1913 aequat
1481 1858 1628 1913 atque
1674 1866 1801 1912 quae
1848 1850 1974 1896 inter
2018 1849 2337 1905 Pamphila
2385 1858 2433 1894 et
2478 1849 2577 1896 Pi-

185 1933 435 1981 nacium
464 1930 645 1979 formas
681 1929 955 1979 intercedit.
1790 1915 1797 1919 ’

314 2015 484 2065 Effecit
518 2023 680 2063 autem
721 2013 869 2063 huius
905 2014 977 2063 rei
1019 2011 1289 2074 evidentia,
1334 2020 1388 2060 ut
1431 2009 1838 2076 progrederemur
1888 2010 2078 2075 longius
2115 2017 2163 2056 et
2203 2009 2323 2056 alius
2359 2009 2574 2057 nominis

180 2099 506 2163 integritatem
532 2097 745 2162 primum
781 2095 1198 2157 addubitaremus,
1231 2112 1346 2142 mox
1370 2102 1531 2141 autem
1564 2092 1819 2158 diligenter
1843 2101 1946 2139 tota
1965 2107 2130 2139 caussa
2156 2090 2394 2155 pensitata
2427 2089 2577 2137 fidem

184 2198 287 2228 non
320 2182 504 2228 habere
537 2180 744 2227 firmiter
791 2182 934 2227 nobis
974 2178 1392 2243 persuaderemus.
1479 2177 1598 2225 Nam
1642 2193 1753 2222 cum
1788 2185 1837 2223 et
1884 2175 2107 2239 exemplo
2143 2173 2425 2221 destitutum
2463 2182 2511 2219 et
2544 2189 2573 2220 a

113 2300 116 2304 .
179 2265 396 2324 ratione,
443 2263 482 2308 si
532 2279 633 2309 non
676 2279 874 2326 prorsus
910 2262 1266 2322 reiectaneum,
1310 2268 1359 2307 at
1402 2260 1515 2306 satis
1561 2258 1737 2305 mirum
1774 2259 1837 2306 sit
1870 2258 2191 2305 Purnmrrvs
2237 2271 2419 2301 nomen
2459 2253 2575 2318 Epi-

175 2347 348 2411 gnomi
386 2346 517 2393 fratri
552 2346 693 2411 vulgo
730 2345 959 2408 inditum,
994 2354 1097 2394 tum
1133 2361 1234 2392 uno
1271 2343 1460 2390 fabulae
1492 2343 1603 2388 loco
1633 2359 1725 2406 pro
1756 2342 1838 2388 illo
1862 2342 2110 2388 Purnmvs
2144 2339 2196 2385 in
2231 2339 2338 2403 ipso
2361 2338 2573 2384 Ambro-

178 2431 318 2476 siano
355 2430 595 2493 apparuit.
666 2429 846 2492 Estque
881 2430 921 2475 is
957 2429 1094 2475 locus
1121 2429 1186 2474 ita
1222 2435 1558 2491 comparatus,
1587 2433 1640 2472 ut
1668 2433 1852 2472 servata
1886 2422 2371 2487 Pamphilippus
2417 2419 2574 2467 forma

182 2513 260 2559 vix
295 2512 394 2559 ullo
429 2520 574 2575 pacto
610 2510 791 2558 rationi
827 2510 1038 2557 satisfiat.
1111 2509 1443 2573 Quocumque
1480 2507 1610 2553 enim
1644 2504 1797 2552 modo
1832 2522 1994 2552 versus
2014 2505 2214 2566 11,2,65
2251 2503 2414 2562 verba,
2450 2517 2572 2565 qua-

178 2595 242 2640 lia
275 2594 326 2640 in
363 2593 592 2640 Palatinis
627 2602 833 2640 exstant:

512 2674 719 2723 Vidistin
749 2677 910 2722 uirum
947 2675 1129 2722 sororis
1166 2672 1601 2736 Pamphilippum?
1637 2697 1696 2706 -—
1733 2671 1842 2719 Non
1910 2669 2047 2717 adest

516 2758 674 2805 Immo
708 2774 751 2806 e.
824 2792 835 2803 .
869 2775 911 2806 s.

179 2843 256 2888 vel
292 2843 516 2905 personis
550 2776 855 2888 distribueiiis
903 2843 975 2888 vel
1021 2839 1413 2903 interpungendo
1450 2840 1749 2900 distinxeris,
1787 2847 2020 2884 aut.sana
2054 2847 2336 2881 sermonum
2373 2830 2576 2879 concin-

185 2924 313 2969 nitas
346 2921 705 2968 desiderabitur
756 2931 840 2967 aut
875 2922 1156 2984 peccabitur
1206 2923 1257 2967 in
1300 2921 1539 2986 loquendi
1586 2918 1991 2968 consuetudinem
2039 2915 2326 2974 Plautinam.
2395 2909 2574 2975 Contra

179 3022 299 3052 sana
334 3013 483 3069 atque
513 3004 739 3069 expedita
776 3020 878 3050 esse
914 3007 1082 3051 omnia
1114 3005 1339 3065 senseris,
1368 3005 1510 3051 simul
1539 3013 1686 3066 atque
1719 3002 1843 3049 duce
1862 2999 2183 3048 Ambrosiano
2219 2996 2362 3057 libro,
2397 2995 2449 3043 in
2468 3011 2572 3058 quo

178 3089 307 3134 illius
340 3102 505 3134 versus
539 3087 662 3134 baec
697 3088 885 3150 species
922 3096 1013 3132 est:
