2913 3606
453 808 1141 876 VNIVERSITATIS
1185 807 1768 874 FRIDERICIAE
1806 805 2373 872 GVILELMIAE

1073 915 1139 981 R
1162 917 1227 982 H
1246 917 1302 981 E
1328 918 1390 982 N
1417 919 1479 982 A
1505 914 1569 980 N
1589 918 1649 983 A
1677 918 1733 983 E

218 1055 1164 1164 'macron
1270 1084 1428 1140 ΕΤ
1547 1055 2553 1132 SENATVS

1198 1201 1627 1250 elvlssvs

1368 1317 1416 1364 S.

346 1453 721 1501 Retractatarum
778 1451 893 1498 olim
945 1450 1214 1498 fabularum
1261 1466 1373 1497 cum
1423 1459 1471 1496 et
1516 1465 1710 1497 caussae
1760 1459 1808 1497 et
1849 1450 2034 1498 formae
2079 1449 2238 1505 variae
2270 1447 2469 1508 fuerint,
2496 1456 2604 1494 tum

214 1535 537 1584 memorabile
581 1535 707 1582 inter
750 1543 907 1582 cetera
945 1531 1065 1581 illud
1099 1542 1171 1580 est
1201 1548 1353 1597 genus
1386 1529 1747 1585 διασκευάσεως
1765 1567 1781 1593 ,
1828 1530 1967 1595 quod
2003 1540 2051 1578 et
2083 1531 2320 1595 pertinuit
2358 1528 2423 1578 ad
2468 1544 2611 1592 per-

217 1635 277 1666 so
295 1635 505 1666 narum
551 1634 585 1665 n
603 1617 813 1665 omina
863 1625 913 1664 et
944 1633 1001 1664 ex
1038 1607 1233 1664 eisdem
1256 1614 1409 1663 hodie
1443 1614 1766 1678 cognoscitur.
1844 1612 1989 1661 Cuius
2020 1614 2211 1678 generis
2243 1613 2492 1661 luculento
2525 1609 2620 1658 do-

216 1691 448 1750 cumento
483 1699 735 1751 Stichus
765 1707 836 1746 est
866 1698 1098 1748 Plautina.
1179 1700 1238 1752 Et
1269 1706 1576 1764 retractatam
1610 1696 1814 1763 quidem
1861 1715 1970 1745 eam
2003 1697 2215 1746 fabulam
2249 1714 2353 1745 esse
2384 1696 2608 1761 gravissi-

213 1798 301 1832 mo
338 1792 623 1849 argumento
658 1782 758 1830 hoc
791 1780 1101 1845 intelligitur,
1137 1781 1304 1846 quod,
1339 1784 1425 1846 qui
1462 1799 1594 1832 nunc
1627 1782 1799 1831 decem
1828 1799 1990 1830 versus
2024 1798 2220 1829 scenam
2256 1782 2469 1845 primam
2503 1789 2605 1826 ter·

209 1866 418 1929 minant,
454 1882 544 1915 nec
578 1867 903 1919 a.verborum
940 1865 1390 1930 sententiarumque
1422 1866 1659 1913 tenuitate
1702 1864 1849 1913 ullam
1881 1865 1951 1912 >illi
1987 1863 2473 1916 commendata-em
2504 1863 2601 1914 ha-

212 1950 387 1997 bentes
422 1966 514 1997 nec
548 1967 657 1997 cum
692 1949 914 2013 proxima
948 1964 1092 1995 scena
1135 1958 1246 2012 apte
1286 1957 1533 2010 coeuntes,
1565 1949 1873 2012 omninoque
1907 1965 2011 1995 non
2055 1948 2216 2007 minus
2247 1958 2363 2012 post
2397 1963 2481 1995 eos
2515 1948 2603 2012 qui

209 2030 513 2096 praecedunt
556 2047 782 2079 sororum
826 2047 1076 2078 sermones
1122 2048 1271 2095 quam
1316 2040 1430 2078 ante
1477 2048 1562 2078 eos
1605 2032 1693 2096 qui
1739 2032 1799 2078 ab
1833 2031 1871 2093 1,
1905 2035 1953 2092 2,
1992 2037 2050 2078 11
2092 2041 2362 2096 sequuntur
2401 2047 2602 2097 prorsus

207 2114 698 2178 supervacaneixhos
731 2113 874 2177 ig'itur
907 2130 1086 2176 versus,
1123 2115 1172 2160 in
1208 2115 1387 2178 quibus
1420 2115 1515 2162 iam
1546 2115 1789 2181 Scaligero
1824 2115 2083 2163 offensioni
2117 2115 2207 2164 fuit
2234 2116 2357 2163 mira
2381 2118 2602 2180 paenitet

214 2199 352 2244 verbi
383 2198 698 2257 constructio,
733 2214 929 2259 prorsus
959 2199 1192 2243 omittunt
1220 2199 1534 2244 membranae
1569 2200 1935 2246 Ambrosianae.
2004 2198 2141 2257 Quos
2170 2197 2372 2262 quidem
2406 2197 2604 2244 relictos

213 2296 317 2326 esse
354 2297 380 2325 e
415 2280 498 2326 tali
528 2279 812 2326 recensione
847 2280 992 2326 huius
1026 2280 1214 2327 fabulae
1231 2281 1535 2342 coniicimus,
1571 2297 1669 2345 qua
1702 2297 1857 2328 novae
1891 2281 2069 2327 actioni
2092 2281 2309 2328 scenicae
2344 2279 2602 2343 aliquanto

212 2371 327 2424 post
361 2363 632 2410 Plautinam
667 2371 871 2409 aetatem
910 2363 1256 2410 consuleretur.
1337 2363 1452 2426 Quo
1489 2364 1691 2410 consilio
1727 2363 1960 2411 credibile
1990 2372 2059 2409 est
2094 2363 2145 2409 in
2179 2363 2281 2408 eius
2315 2362 2492 2410 cantici
2527 2362 2608 2409 lo-

213 2459 345 2505 cum,
376 2461 404 2490 a
438 2461 539 2508 quo
574 2444 795 2491 Plautina
828 2444 991 2492 fabula
1020 2444 1278 2506 ordiretur,
1313 2445 1535 2493 iambicis
1564 2446 1766 2493 senariis
1785 2446 2100 2510 perscriptam
2134 2461 2330 2493 scenam
2366 2445 2604 2493 substitu-

213 2535 317 2572 tam
354 2541 472 2587 esse,
505 2535 560 2573 ut
594 2526 732 2589 quod
764 2543 916 2590 genus
960 2543 1274 2573 numerorum
1324 2528 1433 2591 plus
1464 2529 1644 2591 gratiae
1681 2538 1804 2575 esset
1848 2529 1916 2575 eis
1949 2528 2253 2590 temporibus
2299 2527 2605 2587 habiturum,

215 2608 396 2672 quibus
433 2607 744 2673 impeditiora
778 2608 1077 2657 canticorum
1112 2618 1266 2658 metra
1298 2628 1495 2675 prorsus
1530 2629 1630 2658 non
1665 2611 1904 2658 intellecta
1937 2626 2038 2657 esse
2069 2609 2144 2656 vel
2177 2609 2228 2658 L.
2253 2609 2489 2659 Sisennae
2524 2625 2609 2657 ex-

218 2692 381 2755 emplo
429 2701 738 2757 compertum
771 2701 857 2739 est.
925 2692 1134 2757 Eiusque
1178 2695 1474 2743 recensionis
1517 2695 1773 2759 contagio,
1826 2694 1917 2741 nisi
1951 2693 2175 2755 fallimur,
2207 2692 2356 2740 etiam
2391 2691 2457 2740 ad
2490 2709 2611 2756 pro-

214 2774 398 2821 ximam
434 2790 629 2822 scenam
674 2775 835 2839 aliqua
870 2791 926 2822 ex
968 2783 1103 2839 parte
1132 2777 1396 2841 pertinuit,
1440 2776 1502 2824 de
1532 2778 1668 2825 euius
1700 2776 1854 2824 turbis
1901 2786 1949 2823 et
1980 2776 2181 2839 longum
2217 2785 2288 2823 est
2322 2774 2486 2825 dicere
2518 2792 2605 2823 ex-

220 2856 446 2922 plicatius
479 2866 529 2905 et
559 2866 696 2905 certo
730 2866 939 2906 statuere
972 2857 1185 2906 difficile.

352 2939 405 2985 ln
440 2938 612 2987 mdem
648 2940 791 3004 igitur
840 2940 1000 2988 fabula
1043 2956 1270 2989 sororum
1318 2942 1519 2990 nomina
1564 2940 1782 2989 feruntur
1816 2942 2054 2988 Pannonis
2098 2950 2147 2988 et
2186 2942 2428 3002 Puntvn,
2462 2941 2601 3004 μιαί

214 3019 461 3067 *Du-mv·
533 3023 681 3087 Atqui
726 3039 817 3070 nee
861 3040 951 3086 per
989 3039 1041 3070 se
1073 3024 1395 3086 probabiliter
1430 3025 1607 3071 factum
1656 3033 1727 3071 est
1774 3025 2098 3071 Dinacium
2152 3040 2358 3072 namen.
2405 3039 2527 3084 nee,
2560 3024 2601 3069 si

217 3098 373 3148 modo
409 3100 585 3151 factum
622 3103 699 3166 sit,
735 3104 931 3153 brevem
961 3105 1022 3154 ab
1056 3106 1196 3153 initio
1219 3106 1448 3171 syllabam
1472 3106 1750 3156 habiturum
1775 3108 1852 3169 sit,
1888 3108 2083 3172 qualem
2122 3109 2314 3157 numeri
2348 3107 2608 3171 requirunt
