2913 3606
1245 154 1322 165 -..
1403 130 1598 175 v!—

425 297 430 304 ⁴
499 275 513 290 ‘'
533 265 1621 323 '‘mmsrmfflntmsonomsmupfflwn
1688 273 1814 323 NON
1880 274 2206 329 NOMDEST

228 361 301 409 sic
335 346 740 421 colloquentium
758 347 1011 404 mones
1043 353 1345 418 dispertieris
1356 373 1369 399 .·

561 440 693 488 Pm..
726 433 932 485 Vidistin
964 437 1132 485 uirum
1164 433 1345 484 sororis
1377 438 1721 502 Pamphilum?
1762 442 1863 487 Pru.
1901 441 2022 489 Non.
2084 443 2209 489 Pau..
2245 442 2353 490 Non
2374 441 2553 490 adest?
2611 451 2618 470 ³

562 521 663 569 Ριιι.
697 517 869 567 ‘Immo
903 520 1093 566 uenisse
1130 523 1242 566 eum
1273 520 1440 567 simitu
1467 521 1663 569 aiebant
1691 522 1774 577 illi.
2609 532 2621 542 '

229 606 339 654 Non
382 593 472 649 nos
505 600 624 664 fugit
668 601 920 663 aliquanto
969 597 1213 646 difficilius
1257 615 1284 646 e
1329 602 1529 665 reliquis
1571 604 1795 668 quinque
1840 604 2029 652 fabulae
2073 606 2193 653 locis
2226 607 2488 655 insiticium
2531 624 2625 655 no-

230 701 345 733 men
373 683 587 758 expelli:
646 681 732 729 sed
773 691 828 728 ut
869 690 1034 728 tamen
1080 681 1310 730 intentius
1368 685 1778 750 circumspicienti
1825 688 2216 752 interpolationis
2269 690 2345 736 vix
2395 691 2627 754 ambigua

229 766 426 830 vestigia
462 764 703 827 quaedam
739 771 1018 827 appareant.
1108 765 1175 810 Ac
1212 766 1425 828 primum
1482 768 1700 816 animum
1746 768 2004 818 advertunt
2038 785 2261 817 versuum
2297 772 2369 833 lv,
2414 778 2458 833 1,
2489 777 2629 836 qu„

227 850 322 896 hae
354 847 546 894 turbae:

559 932 619 978 Vt
654 930 776 977 mihi
810 931 961 995 uolup
997 939 1085 992 est,
1121 930 1483 995 Pamphilippe,
1518 931 1635 994 quia
1668 948 1759 979 uos
1789 932 1840 979 in
1873 933 2080 995 patriam
2116 932 2320 980 domum

560 1011 758 1060 Redisse
793 1012 942 1059 uideo
978 1014 1107 1059 bene
1140 1022 1271 1077 gesta
1306 1029 1358 1060 re
1393 1014 1582 1074 ambos,
1613 1021 1663 1059 te
1698 1021 1746 1059 et
1779 1013 1972 1060 fratrem
2007 1023 2161 1060 tuum.

231 1093 455 1156 Quorum
494 1095 629 1143 alteri
666 1094 853 1142 etiamsi
887 1095 1127 1160 legitimos
1158 1111 1388 1143 numeros
1418 1112 1522 1143 non
1557 1095 1949 1159 improbabiliter
1974 1097 2044 1144 sic
2077 1097 2319 1145 restituas:

557 1176 711 1226 video
745 1179 874 1225 bene
906 1180 1038 1241 gesta
1072 1195 1124 1225 re
1158 1177 1358 1225 rediisse
1394 1179 1583 1239 ambos,
1616 1187 1666 1224 te
1700 1187 1748 1225 et
1782 1177 1974 1225 fratrem
2010 1188 2178 1241 tuum,

225 1270 392 1307 tamen
426 1261 464 1306 si
498 1260 648 1306 semel
682 1259 1080 1321 concedendum»
1104 1269 1175 1306 est
1220 1260 1420 1308 traiecta
1455 1275 1557 1306 esse
1592 1260 1814 1306 Plautina
1857 1262 2031 1323 verba,
2066 1278 2167 1308 uon
2202 1261 2424 1326 profecto
2463 1265 2619 1311 multo

224 1343 426 1390 maioris
460 1341 708 1403 audaciae,
740 1359 886 1406 quam
923 1342 1134 1391 rediisse
1168 1344 1371 1390 verbum
1407 1352 1727 1406 transponere
1760 1352 1873 1407 post
1893 1355 2036 1410 gesta
2064 1361 2134 1406 re,
2170 1345 2269 1392 hoc
2296 1346 2440 1393 fuerit
2474 1355 2529 1394 ut
2564 1348 2624 1394 in

222 1425 441 1488 priorem
476 1440 666 1472 versum
703 1423 850 1472 uideo
884 1425 1086 1472 verbum
1115 1425 1361 1472 reiiciatur
1392 1424 1675 1489 turbatique
1706 1425 1893 1474 ordinis
1921 1442 2086 1474 caussa
2115 1443 2142 1473 e
2162 1427 2450 1476 removendi
2469 1428 2620 1476 Pam-

213 1506 357 1571 phile
387 1501 600 1553 nominis
637 1507 840 1553 consilio
874 1516 1145 1570 repetatur,
1181 1508 1258 1554 cui
1287 1507 1677 1572 *percommodus
1723 1506 1774 1554 in
1809 1508 1891 1554 tali
1924 1525 2148 1555 versuum
2185 1509 2378 1556 illorum
2418 1510 2619 1557 confor-

218 1589 436 1637 matione
471 1590 631 1637 locus:
1612 1584 1616 1588 “

553 1671 623 1721 'Vt
651 1672 774 1719 mihi
804 1673 955 1736 uolup
993 1681 1080 1733 est,
1117 1674 1231 1734 quia
1261 1687 1351 1718 uos
1383 1670 1547 1725 uideo,
1585 1671 1855 1735 Pamphile,
1889 1673 1940 1718 in
1975 1673 2179 1735 patriam
2214 1671 2421 1720 domum

567 1756 698 1802 Bene
732 1772 784 1801 re
817 1763 948 1818 gesta
983 1753 1184 1800 rediisse
1214 1753 1403 1814 ambos,
1433 1757 1621 1799 temet
1655 1762 1703 1799 et
1735 1752 1929 1800 fratrem
1963 1762 2116 1801 tuum.

225 1834 388 1896 Quam
427 1836 747 1893 mutationem
798 1837 837 1882 si
885 1836 971 1898 qui
1005 1835 1128 1882 forte
1168 1834 1453 1881 hariolantis
1496 1835 1660 1895 potius
1702 1850 1804 1880 esse
1842 1851 1991 1896 quam
2041 1834 2306 1881 divinando
2339 1835 2612 1882 emendan-

222 1916 286 1963 tis
318 1917 587 1980 putabunt,
619 1917 718 1964 hoc
747 1917 961 1982 cogitent
995 1932 1212 1980 quaeso,
1245 1916 1374 1963 illam
1411 1914 1497 1978 qui
1531 1913 1787 1975 formidet,
1832 1914 1988 1962 facere
2034 1932 2136 1963 non
2181 1932 2323 1979 posse
2369 1917 2491 1979 quin
2525 1926 2608 1964 aut

223 1998 493 2064 planissimi
525 1997 797 2048 testimonii
830 2006 1043 2047 veterem
1072 2006 1221 2061 atque
1256 1996 1507 2060 antiquam
1543 1996 1877 2044 auctoritatem
1926 1996 2094 2060 ignave
2129 2007 2324 2061 spernat
2352 2008 2435 2045 aut
2463 2000 2607 2046 unius

220 2080 272 2128 in
309 2081 479 2130 eadem
516 2082 674 2130 fabula
722 2081 937 2128 hominis
972 2080 1183 2139 {diversis
1232 2080 1514 2127 nominibus
1549 2079 1739 2144 placide
1784 2081 1980 2127 servatis
2024 2080 2143 2128 duas
2184 2096 2303 2145 quas
2336 2079 2611 2128 discernere

221 2164 365 2211 liceat
397 2166 706 2212 recensiones
741 2166 912 2210 mixtas
941 2164 1201 2226 relinquat.
1273 2164 1432 2226 Atque
1467 2163 1645 2209 lenitur
1673 2165 1893 2226 profecto
1928 2163 2184 2209 violentiae
2219 2164 2259 2210 si
2295 2179 2391 2227 qua
2425 2171 2495 2209 est
2531 2162 2607 2209 os-

227 2245 386 2294 fensio
422 2248 548 2294 illius
566 2264 644 2310 eo,
681 2245 817 2311 quod
844 2254 942 2292 tam
970 2254 1041 2292 est
1074 2244 1301 2310 expedita
1329 2245 1632 2310 reliquorum
1669 2246 2000 2309 exemplorum
2037 2246 2256 2294 tractatio
2290 2262 2437 2311 quam
2465 2245 2622 2299 huius>

169 2319 172 2321 ’
223 2345 326 2377 esse
360 2330 726 2395 disceptabilem
761 2331 1009 2378 sentimus.
1081 2330 1271 2377 Etenim
1306 2345 1447 2376 versu
1476 2327 1550 2389 lv,
1584 2330 1633 2389 2,
1666 2330 1724 2374 5:

559 2412 825 2478 Adgrediar
857 2412 1128 2459 hominem.
1160 2429 1190 2457 o
1225 2422 1415 2475 sperate
1451 2410 1811 2473 Pamphilippe,
1846 2427 1875 2456 o
1909 2427 2016 2473 spes
2052 2428 2175 2471 mea,

557 2496 599 2543 Ο
636 2511 745 2542 mea
779 2495 896 2556 uita,
933 2511 962 2541 ο
999 2510 1108 2541 mea
1141 2495 1383 2558 uoluptas,
1417 2492 1570 2539 salue:

224 2577 345 2639 quis·
367 2576 565 2624 tandem
594 2585 709 2640 post
738 2566 934 2641 sperate
950 2576 1222 2623 vocativum
1258 2571 1619 2640 languidissima
1653 2573 1771 2619 ferat
1803 2587 1913 2637 spes
1947 2587 2053 2620 mea
2071 2573 2251 2620 verba?
2287 2572 2350 2620 de
2387 2589 2602 2637 quorum

220 2658 496 2721 corruptela
531 2657 773 2704 dubitatio
810 2673 911 2702 non
942 2666 1093 2717 esset,
1135 2657 1322 2703 etiamsi
1371 2671 1554 2704 nomen
1599 2654 1812 2701 hominis
1852 2654 2274 2718 nihil‘quicquam
2309 2656 2610 2702 controversi

219 2734 438 2787 haberet.
510 2738 659 2786 Poeta
691 2736 815 2802 quid
849 2738 1109 2802 scripserit,
1143 2738 1255 2785 satis
1290 2736 1470 2785 docere
1504 2738 1731 2784 similium
1769 2738 2068 2801 comparatio
2121 2746 2306 2802 potest:

555 2819 821 2884 Adgrediar
850 2822 1124 2868 hominem.
1155 2837 1185 2866 o
1219 2829 1410 2883 sperate
1446 2820 1715 2882 Pamphile,
1749 2836 1779 2864 o
1810 2820 1972 2865 salus
2007 2836 2129 2865 mea.

219 2897 426 2949 Huicine
475 2911 636 2949 autem
691 2902 847 2948 versui
899 2901 1174 2948 Plautinam
1227 2903 1442 2948 nominis
1498 2898 1709 2947 formam
1764 2900 1970 2961 reddeS,
2033 2916 2133 2946 non
2193 2899 2369 2947 reddes
2424 2902 2468 2946 ei
2520 2901 2610 2965 qui

218 2981 469 3042 praecedit
496 2983 806 3047 quantumvis
839 2984 931 3030 alia
964 2982 1233 3029 offensione
1267 2982 1462 3029 libero?
1533 2982 1690 3041 Quem
1736 2998 1846 3028 cum
1883 2990 2028 3045 poeta
2062 2982 2206 3028 talem
2260 2982 2354 3028 nisi
2402 2981 2611 3029 fallimur

221 3064 483 3112 emisisset:
