2913 3606
1233 123 1611 166 “Vb-

557 262 641 307 Set
692 259 894 313 uidone
929 273 1020 323 ego
1057 260 1369 324 Pamphilu-
1406 270 1517 307 eum
1550 259 1701 309 fitne
1724 259 2373 327 suotmuque
2404 263 2447 310 is
2481 272 2577 309 est:
2700 324 2703 326 Ι

221 359 324 393 una
353 343 513 392 deleta
545 358 637 391 suo
673 342 843 389 vocula
877 340 1013 387 licuit
1048 340 1268 387 noviciae
1301 341 1602 403 recensionis
1645 341 1832 388 menori
1877 340 2282 409 Pamphilippum
2306 338 2633 399 suumfja've-e-

221 427 359 475 bere.
426 425 524 473 Nec
555 425 744 474 miore
777 438 937 488 opera
964 437 1116 489 quam
1152 423 1207 471 in
1238 422 1316 470 his
1345 420 1559 484 duobus,
1591 425 1678 487 qui
1709 421 1881 486 quales
1909 423 1964 471 in
1992 425 2319 483 ambrosiano
2354 412 2623 475 exstiterint

225 525 288 557 ne
325 516 632 571 compertum
671 505 874 571 quidem
909 504 1064 553 bodie
1082 514 1172 567 est,
1205 506 1258 553 in
1286 505 1356 553 eis
1389 505 1477 569 qui
1501 513 1761 568 supersunt
1794 505 2015 554 renibus
2032 506 2113 569 lv,
2146 514 2192 570 1,
2211 513 2278 559 ‘22
2304 518 2353 556 et
2387 509 2462 570 IV,
2483 512 2533 569 2,
2554 509 2618 556 16

224 593 298 639 tel
334 589 402 638 ad
430 588 740 649 inferendum
769 589 1149 654 supposisicium
1175 604 1361 637 nomen
1396 587 1514 636 olim
1551 603 1675 650 opus
1708 586 1797 635 fuit
1829 588 1904 639 vel
1922 588 2209 654 nobis-opus
2245 600 2317 639 est
2349 588 2414 638 ad
2446 604 2619 638 verum

224 676 295 724 sic
328 670 682 722 revocandum:

559 753 645 801 Set
678 769 847 802 eccum
882 754 1081 802 fratrem·
1117 753 1424 815 Pamphilum
1464 767 1652 798 meum
1702 750 1885 797 incedit
1917 767 2030 798 eum
2064 769 2237 800 socero
2273 771 2382 801 suo.

558 834 693 896 Quid
723 835 809 897 ais,
846 833 1138 899 Pamphile?
1173 834 1250 879 ΡΑ.
1289 833 1362 879 Ad
1398 850 1569 880 cenam
1604 832 1794 879 hodie
1839 833 2002 880 hercle
2037 835 2132 881 alio
2169 836 2381 899 promisi.
2408 836 2550 883 foras.

231 917 432 982 Quippe
485 918 537 964 in
581 916 776 964 exilium
825 915 1107 963 vocularum
1146 915 1220 961 vel
1263 914 1531 961 omissione
1564 915 1639 961 vel
1685 914 1960 962 accessione
1980 949 1998 975 ,
2045 916 2183 963 cuius
2212 918 2403 981 generis
2432 915 2622 964 infinita

235 1009 306 1048 est
339 1000 390 1047 in
429 997 660 1046 Plautinis
693 997 831 1045 libris
861 996 1152 1061 frequentia,
1188 996 1350 1044 omnis
1383 996 1584 1043 vertitur
1600 1049 1603 1053 s
1619 997 1845 1044 minatio.

359 1080 555 1127 Praeter
588 1078 711 1126 haec
744 1094 871 1143 quae
903 1077 1216 1126 tractavimus
1258 1074 1620 1147 dubitatipnem
1651 1077 1788 1125 facile
1836 1087 2030 1125 moveat
2075 1079 2147 1127 Sa
2157 1082 2405 1145 garinus
2435 1095 2623 1128 nomen

226 1162 492 1211 insolenter
525 1170 755 1226 correpta
779 1160 1077 1225 paenultima
1112 1159 1365 1225 singulare.
1458 1159 1611 1222 Quod
1654 1162 1731 1210 cui
1778 1177 1916 1211 servo
1954 1159 2166 1211 inditum
2201 1172 2293 1226 est,
2323 1164 2362 1211 is
2397 1178 2508 1211 cum
2543 1161 2629 1225 ΙΙΙ,
2656 1173 2661 1179 ’

231 1252 278 1308 1,
311 1245 375 1294 29
406 1243 603 1294 duobus
637 1244 926 1293 nominibus
955 1259 1154 1308 prorsus
1194 1239 1404 1292 absurde
1455 1242 1693 1307 copulatis
1744 1242 2023 1311 Sagarinus
2073 1243 2230 1313 Syrus
2264 1245 2480 1309 dicatur,
2519 1261 2624 1295 non

225 1329 450 1393 profecto
486 1330 651 1392 inepte
681 1327 927 1391 quispiam
956 1326 1010 1373 in
1029 1325 1131 1372 veri
1155 1324 1336 1388 Syrus
1368 1325 1583 1373 nominis
1613 1326 1779 1374 locum
1797 1326 1860 1373 ab
1895 1326 2245 1390 interpolatore
2262 1327 2627 1392 Sagarinum

230 1429 333 1458 esse
368 1412 700 1473 substitutum,
738 1415 840 1458 u‘no
874 1418 1037 1457 autem
1071 1409 1170 1455 hoc
1197 1409 1308 1455 loco
1341 1409 1588 1457 Plautinae
1623 1426 1796 1458 manus
1828 1410 2084 1473 vestigium
2119 1427 2231 1459 casu
2258 1411 2478 1460 relictum
2509 1411 2623 1475 opi-

230 1504 444 1555 naretur,
480 1496 573 1542 nisi
601 1496 749 1542 talem
784 1491 1256 1557 argumentationem
1275 1489 1395 1537 illud
1431 1501 1667 1538 everteret
1699 1490 1855 1555 quod,
1890 1491 1981 1538 nisi
2004 1493 2171 1540 omnia
2187 1492 2371 1556 fallunt,
2405 1494 2487 1542 illo
2511 1494 2619 1558 ipso

228 1592 372 1624 versu
394 1573 575 1644 Syrum
605 1575 728 1623 nihil
764 1584 836 1621 est
866 1574 958 1621 nisi
992 1583 1278 1638 corruptum
1297 1574 1474 1639 feram
1507 1574 1725 1626 verbum.
1796 1571 1919 1633 Quis
1950 1573 2082 1620 enim
2117 1573 2239 1621 haec
2261 1592 2388 1639 quae
2417 1576 2615 1640 vulgan-

231 1667 313 1707 tur
344 1660 419 1706 vel
455 1659 689 1724 intelligat
733 1660 808 1706 vel
844 1667 1148 1721 concoquat:

570 1742 789 1789 Amicam
821 1758 909 1805 ego
946 1741 1110 1788 habeo
1149 1741 1470 1805 Stephanium
1505 1741 1622 1787 hinc
1667 1757 1722 1787 ex
1756 1756 2030 1803 proxumo,

570 1824 661 1870 Tui
693 1823 850 1870 fratris
884 1823 1133 1870 ancillam:
1171 1839 1230 1869 eo
1266 1822 1485 1884 condixi,
1519 1823 1571 1868 in
1604 1822 1877 1886 symbolam

564 1903 641 1952 Ad
671 1920 876 1951 coenam
914 1902 978 1950 ad
1013 1904 1116 1950 eius
1151 1919 1445 1950 conseruom
1474 1902 1766 1967 Sagarinum,
1792 1903 1967 1968 Syrum
2001 1906 2100 1952 -9

230 1989 322 2036 vbi
358 2005 469 2035 cum
502 1989 554 2035 in
582 1987 815 2036 Palatinis
846 1987 985 2035 libris
1018 1985 1219 2035 condiet·
1262 1995 1310 2033 et
1340 1978 1521 2046 sirum'
1540 1984 1775 2050 scriptum
1810 1986 1897 2049 sit,
1934 1986 2055 2035 nihil
2089 1995 2256 2036 nostro
2288 1985 2470 2036 iudicio
2517 1986 2622 2034 evi-

238 2070 435 2121 dentius
466 2070 559 2118 hac
595 2087 697 2119 esse
726 2068 1074 2120 emendatione
1101 2079 1285 2137 potest:

1142 2171 1201 2201 eo
1232 2152 1491 2207 condicam
1527 2175 1538 2202 t
1574 2157 1849 2204 sumbolam

573 2234 646 2284 Ad
682 2252 854 2284 cenam
891 2235 956 2285 ad.
990 2237 1096 2285 eius
1127 2253 1419 2285 conseruom
1448 2237 1733 2303 Sagarinum
1767 2238 1932 2287 feram.

240 2318 403 2382 Quam
441 2335 637 2382 prorsus
668 2318 963 2368 confirmant
1000 2336 1126 2383 quae
1160 2320 1322 2383 paullo
1352 2329 1465 2383 post
1494 2330 1786 2384 sequuntur:

572 2399 672 2448 Iam
709 2400 873 2449 hercle
910 2420 998 2466 ego
1034 2420 1123 2466 per
1156 2402 1355 2452 hortum
1391 2401 1453 2453 ad
1487 2403 1695 2452 amicam
1730 2405 1949 2454 transibo
1985 2419 2144 2454 meam

569 2481 633 2530 Mi
662 2480 790 2531 hanc
823 2491 1115 2547 occupatum
1153 2491 1378 2533 noctem:
1416 2485 1588 2536 eadem
1619 2487 1893 2538 sumbolam

574 2564 712 2613 Dabo
744 2574 793 2613 et
827 2565 1011 2614 iubebo
1045 2565 1109 2614 ad
1142 2565 1429 2631 Sagarinum
1464 2587 1635 2619 cenam
1679 2571 1845 2636 coqui.
2476 2610 2484 2621 .

370 2648 528 2708 Atque
546 2645 668 2693 haec
688 2663 826 2694 more
844 2647 1086 2696 maiorum
1122 2650 1417 2711 prolusimus
1443 2651 1719 2700 scholarum
1755 2670 1883 2716 quae
1917 2652 2056 2701 vobis
2086 2648 2355 2697 offeruntur
2388 2646 2635 2694 renuntia·

232 2727 375 2787 tioni,
410 2745 511 2791 quo
531 2725 695 2775 denuo
728 2729 1047 2791 moneamini,
1081 2730 1220 2794 quod
1256 2749 1358 2779 esse
1376 2750 1619 2781 summum
1657 2735 1708 2782 in
1727 2733 1972 2783 discendis
2000 2731 2170 2781 litteris
2204 2736 2447 2793 putamuS,
2477 2735 2532 2775 ut
2567 2743 2633 2774 ne

236 2809 360 2874 quid
395 2810 605 2859 credatis
626 2821 833 2859 temere:
869 2829 972 2860 non
1008 2814 1094 2877 qui
1111 2822 1296 2862 temere
1331 2815 1393 2863 de
1419 2817 1719 2882 quibuslibet
1742 2816 1973 2867 dubitare
1991 2832 2079 2864 vos
2101 2813 2372 2873 iubeamus,
2400 2808 2486 2858 sed
2520 2825 2632 2858 cum

232 2895 425 2942 ratione
460 2894 684 2942 dubitare
707 2894 771 2942 de
808 2896 1042 2943 omnibus
1067 2898 1201 2961 prius
1223 2913 1389 2962 quam,
1422 2912 1549 2960 quae
1583 2895 1945 2945 dubitationem
1982 2912 2083 2943 non
2114 2893 2297 2941 habete
2332 2888 2628 2947 intellexeri-

235 2991 316 3051 t's,
345 2999 476 3039 recte
511 2991 733 3040 credatis.
768 2993 1061 3041 Valete.Scr.
1098 2995 1298 3043 Bonnae
1334 3011 1398 3040 m.
1421 2994 1553 3040 Febr.
1589 3009 1630 3041 a.
1666 2992 1987 3043 CIOIOCCCL.
